<?xml version="1.0" encoding="UTF-8"?><collection xmlns="http://www.loc.gov/MARC21/slim"><record><leader>00424nam--2200157-i-4500</leader><controlfield tag="001">000014377</controlfield><controlfield tag="002">20161230</controlfield><controlfield tag="005">20170304174510</controlfield><controlfield tag="008">060222s1000------------r-----000-0-eng-d</controlfield><datafield ind1=" " ind2=" " tag="100"><subfield code="a">Dumitras, Constantin</subfield></datafield><datafield ind1=" " ind2=" " tag="245"><subfield code="a">Aschierea metalelor si fiabilitatea sculelor aschietoare</subfield></datafield><datafield ind1=" " ind2=" " tag="260"><subfield code="a">Bucuresti</subfield><subfield code="b">Ed.Tehnica</subfield><subfield code="c">1983</subfield></datafield><datafield ind1=" " ind2=" " tag="300"><subfield code="a">273 p</subfield></datafield><datafield ind1=" " ind2=" " tag="700"><subfield code="a">Militaru, Constantin</subfield></datafield><datafield ind1=" " ind2=" " tag="852"><subfield code="a">621.747</subfield></datafield><datafield ind1=" " ind2=" " tag="CAT"><subfield code="a">SYS</subfield><subfield code="c">20170304</subfield><subfield code="h">174510</subfield></datafield></record></collection>